<?xml version="1.0" encoding="UTF-8"?><collection xmlns="http://www.loc.gov/MARC21/slim"><record><leader>00376nam--2200145-i-4500</leader><controlfield tag="001">000044871</controlfield><controlfield tag="002">20161230</controlfield><controlfield tag="005">20161230201044</controlfield><controlfield tag="008">060222s1000------------r-----000-0-eng-d</controlfield><datafield ind1=" " ind2=" " tag="080"><subfield code="a">517.5</subfield></datafield><datafield ind1=" " ind2=" " tag="100"><subfield code="a">Titchmarsh, E.C</subfield></datafield><datafield ind1=" " ind2=" " tag="245"><subfield code="a">The theory of functions. second edition</subfield></datafield><datafield ind1=" " ind2=" " tag="260"><subfield code="a">Oxford, Yniv. Press, 1939, X+454p</subfield></datafield><datafield ind1=" " ind2=" " tag="852"><subfield code="a">77692</subfield><subfield code="c">517.5</subfield></datafield><datafield ind1=" " ind2=" " tag="CAT"><subfield code="a">Sys</subfield><subfield code="c">20080812</subfield><subfield code="h">130442</subfield></datafield></record></collection>